@BOOK{ailast,
AUTHOR="James Barratt",
TITLE="Our Final Invention",
PUBLISHER="Thomas Dunne Books",
YEAR=2013,
}

@BOOK{deeplearn,
AUTHOR="Aaron Courville, Ian Goodfellow, and Yoshua Bengio",
TITLE="Deep Learning",
PUBLISHER="The MIT Press",
YEAR=2016,
}


@BOOK{alphazero,
AUTHOR="David Silver and Thomas Hubert and Julian Schrittwieser and Ioannis Antonoglou and Matthew Lai and Arthur Guez and Marc Lanctot and Laurent Sifre and Dharshan Kumaran and Thore Graepel and Timothy Lillicrap and Karen Simonyan and Demis Hassabis",
TITLE="Mastering Chess and Shogi by Self-Play with a General Reinforcement Learning Algorithm",
PUBLISHER="arXiv:1712.01815 [cs.AI]",
YEAR=2017,
}


@BOOK{drosophila,
AUTHOR="John McCarthy",
TITLE="Chess as the Drosophila of AI",
PUBLISHER={\url{http://jmc.stanford.edu/articles/drosophila/drosophila.pdf}},
YEAR=1997,
}

@BOOK{shannonlegendary,
AUTHOR="Claude Shannon",
TITLE="Programming a Computer for Playing Chess",
PUBLISHER="Philosophical Magazine, Ser.7, Vol. 41, No. 314",
YEAR=1950,
}

@BOOK{michieIntel,
AUTHOR="Donald Michie",
TITLE="On Machine Intelligence",
PUBLISHER="Ellis Horwood Limited Publishers",
YEAR=1986,
}

@BOOK{deepBlue,
AUTHOR="Murray Campbell and A. Joseph Hoane Jr. and Feng-Hsiung Hsu",
TITLE="Deep Blue chess algorithm",
PUBLISHER={\url{www.tcm.phy.cam.ac.uk/BIG/pob24/deep\_blue.pdf}},
YEAR=2002,
}

@BOOK{ban,
AUTHOR="Amir Ban",
TITLE="Automatic Learning of Evaluation, with Applications to Computer Chess",
PUBLISHER="Technical report, Hebrew University of Jerusalem, 2012. Discussion Paper: 613.",
YEAR=2012,
}

@BOOK{cascade,
AUTHOR="Scott Falman",
TITLE="The cascade-correlation learning architecture",
PUBLISHER="Advances in Neural Information Processing Systems 2 (NIPS 1989)",
YEAR=1989,
}

@misc{sunfish,
  title = {Sunfish},
  author = {Thomas Dybdahl Ahle},
  howpublished = {\url{https://github.com/thomasahle/sunfish}},
  note = {Accessed: 2018-05-18},
}


@BOOK{giraffe,
AUTHOR="Matthew Lai",
TITLE="Giraffe: Using Deep Reinforcement Learning to Play Chess",
PUBLISHER="arXiv:1509.01549 [cs.AI]",
YEAR=2015,
}

@BOOK{carolus,
AUTHOR="Jeroen W.T. Carolus",
TITLE="Alpha-Beta with Sibling Prediction Pruning in Chess",
PUBLISHER="Masters thesis Computer Science, Faculteit der Natuurwetenschappen, Wiskunde en Informatica, University of Amsterdam, Netherlands",
YEAR=2006,
}

@misc{stockfish,
  title = {About Stockfish},
  author = {Stockfish Community},
  howpublished = {\url{https://stockfishchess.org/about/}},
  note = {Accessed: 2017-10-13},
}

@BOOK{russellNorvig,
AUTHOR="Stuart Russell and Peter Norvig",
TITLE="Artificial Intelligence: A Modern Approach",
PUBLISHER="Pearson Education Inc.",
YEAR=2010,
}

@BOOK{bishop,
AUTHOR="Christopher Bishop",
TITLE="Pattern Recognition and Machine Learning",
PUBLISHER="Springer",
YEAR=2009,
}

@BOOK{Sutton,
AUTHOR="Richard Sutton and Andrew Barto",
TITLE="Reinforcement Learning, An Introduction",
PUBLISHER="The MIT Press",
YEAR=1998,
}

@BOOK{TD-Gammon,
AUTHOR="Gerald Tesauro",
TITLE="Temporal Difference Learning and TD-Gammon",
PUBLISHER="The MIT Press",
YEAR=1998,
}

@BOOK{DQN,
AUTHOR="Volodymyr Mnih and Koray Kavukcuoglu and David Silver and Andrei A. Rusu and Joel Veness and Marc G. Bellemare and Alex Graves and Martin Riedmiller and Andreas K. Fidjeland and Georg Ostrovski and Stig Petersen and Charles Beattie and Amir Sadik and Ioannis Antonoglou and Helen King and Dharshan Kumaran and Daan Wierstra and Shane Legg and Demis Hassabis",
TITLE="Human-level control through deep reinforcement learning",
PUBLISHER="Nature",
YEAR=2015,
}

@BOOK{AlphaGo,
AUTHOR="David Silver and Aja Huang and	Chris J. Maddison and	Arthur Guez and	Laurent Sifre and	George van den Driessche and	Julian Schrittwieser and	Ioannis Antonoglou and	Veda Panneershelvam and	Marc Lanctot and Sander Dieleman and Dominik Grewe and John Nham and Nal Kalchbrenner and Ilya Sutskever and Timothy Lillicrap and Madeleine Leach and Koray Kavukcuoglu and Thore Graepel and Demis Hassabis",
TITLE="Mastering the game of Go with deep neural networks and tree search",
PUBLISHER="Nature",
YEAR=2016,
}

@BOOK{knightcap,
AUTHOR="Jonathan Baxter and Andrew Tridgell and Lex Weaver",
TITLE="KnightCap: A chess program that learns by combining TD(lambda) with game-tree search",
PUBLISHER="arXiv:cs/9901002 [cs.LG]",
YEAR=1999,
}

@BOOK{sts,
AUTHOR="Thomas Mayer",
TITLE="STS 1.0 revisited",
PUBLISHER="Computer Chess Club",
YEAR=2010,
}

@misc{PyTorch,
  title = {PyTorch},
  author = {PyTorch},
  howpublished = {\url{http://pytorch.org/about/}},
  note = {Accessed: 2017-10-13},
}

@misc{gaviota,
  title = {Gaviota Tablebases},
  author = {michiguel},
  howpublished = {\url{https://github.com/michiguel/Gaviota-Tablebases}},
  note = {Accessed: 2017-10-13},
}


@misc{represent,
  title = {Board Representation},
  author = {Chess Programming Wikispaces},
  howpublished = {\url{https://chessprogramming.wikispaces.com/Board+Representation}},
  note = {Accessed: 2018-05-18},
}


@misc{tdl,
  title = {Temporal Difference Learning},
  author = {Chess Programming Wikispaces},
  howpublished = {\url{https://chessprogramming.wikispaces.com/Temporal+Difference+Learning}},
  note = {Accessed: 2018-05-18},
}


@misc{meep,
  title = {Meep},
  author = {Chess Programming Wikispaces},
  howpublished = {\url{https://chessprogramming.wikispaces.com/Meep}},
  note = {Accessed: 2018-05-18},
}


@misc{fics,
  title = {About the FICS Games Database},
  author = {seberg or Ludens at FICS },
  howpublished = {\url{https://www.ficsgames.org/about.html}},
  note = {Accessed: 2018-05-18},
}


@misc{tensorflow,
title={ {TensorFlow}: Large-Scale Machine Learning on Heterogeneous Systems},
url={https://www.tensorflow.org/},
note={Software available from tensorflow.org},
author={
    Mart\'{\i}n~Abadi and
    Ashish~Agarwal and
    Paul~Barham and
    Eugene~Brevdo and
    Zhifeng~Chen and
    Craig~Citro and
    Greg~S.~Corrado and
    Andy~Davis and
    Jeffrey~Dean and
    Matthieu~Devin and
    Sanjay~Ghemawat and
    Ian~Goodfellow and
    Andrew~Harp and
    Geoffrey~Irving and
    Michael~Isard and
    Yangqing Jia and
    Rafal~Jozefowicz and
    Lukasz~Kaiser and
    Manjunath~Kudlur and
    Josh~Levenberg and
    Dandelion~Man\'{e} and
    Rajat~Monga and
    Sherry~Moore and
    Derek~Murray and
    Chris~Olah and
    Mike~Schuster and
    Jonathon~Shlens and
    Benoit~Steiner and
    Ilya~Sutskever and
    Kunal~Talwar and
    Paul~Tucker and
    Vincent~Vanhoucke and
    Vijay~Vasudevan and
    Fernanda~Vi\'{e}gas and
    Oriol~Vinyals and
    Pete~Warden and
    Martin~Wattenberg and
    Martin~Wicke and
    Yuan~Yu and
    Xiaoqiang~Zheng},
  year={2015},
}