@BOOK{drosophila,
AUTHOR="John McCarthy",
TITLE="Chess as the Drosophila of AI",
PUBLISHER={\url{http://jmc.stanford.edu/articles/drosophila/drosophila.pdf}},
YEAR=1997,
}