@BOOK{drosophila,
AUTHOR="John McCarthy",
TITLE="Chess as the Drosophila of AI",
PUBLISHER={\url{http://jmc.stanford.edu/articles/drosophila/drosophila.pdf}},
YEAR=1997,
}

@BOOK{michieIntel,
AUTHOR="Donald Michie",
TITLE="On Machine Intelligence",
PUBLISHER="Ellis Horwood Limited Publishers",
YEAR=1986,
}

@BOOK{deepBlue,
AUTHOR="Murray Campbell and A. Joseph Hoane Jr. and Feng-Hsiung Hsu",
TITLE="Deep Blue chess algorithm",
PUBLISHER={\url{www.tcm.phy.cam.ac.uk/BIG/pob24/deep\_blue.pdf}},
YEAR=2002,
}

@BOOK{giraffe,
AUTHOR="Matthew Lai",
TITLE="Giraffe: Using Deep Reinforcement Learning to Play Chess",
PUBLISHER="arXiv:1509.01549 [cs.AI]",
YEAR=2015,
}

@misc{stockfish,
  title = {About Stockfish},
  author = {Stockfish Community},
  howpublished = {\url{https://stockfishchess.org/about/}},
  note = {Accessed: 2017-10-13}
}

@BOOK{russellNorvig,
AUTHOR="Stuart Russell and Peter Norvig",
TITLE="Artificial Intelligence: A Modern Approach",
PUBLISHER="Pearson Education Inc.",
YEAR=2010,
}

@BOOK{bishop,
AUTHOR="Christopher Bishop",
TITLE="Pattern Recognition and Machine Learning",
PUBLISHER="Springer",
YEAR=2009,
}

@BOOK{Sutton,
AUTHOR="Richard Sutton and Andrew Barto",
TITLE="Reinforcement Learning, An Introduction",
PUBLISHER="The MIT Press",
YEAR=1998,
}

@BOOK{TD-Gammon,
AUTHOR="Gerald Tesauro",
TITLE="Temporal Difference Learning and TD-Gammon",
PUBLISHER="The MIT Press",
YEAR=1998,
}

@BOOK{DQN,
AUTHOR="Volodymyr Mnih and Koray Kavukcuoglu and David Silver and Andrei A. Rusu and Joel Veness and Marc G. Bellemare and Alex Graves and Martin Riedmiller and Andreas K. Fidjeland and Georg Ostrovski and Stig Petersen and Charles Beattie and Amir Sadik and Ioannis Antonoglou and Helen King and Dharshan Kumaran and Daan Wierstra and Shane Legg and Demis Hassabis",
TITLE="Human-level control through deep reinforcement learning",
PUBLISHER="Nature",
YEAR=2015,
}

@BOOK{AlphaGo,
AUTHOR="David Silver and Aja Huang and	Chris J. Maddison and	Arthur Guez and	Laurent Sifre and	George van den Driessche and	Julian Schrittwieser and	Ioannis Antonoglou and	Veda Panneershelvam and	Marc Lanctot and Sander Dieleman and Dominik Grewe and John Nham and Nal Kalchbrenner and Ilya Sutskever and Timothy Lillicrap and Madeleine Leach and Koray Kavukcuoglu and Thore Graepel and Demis Hassabis",
TITLE="Mastering the game of Go with deep neural networks and tree search",
PUBLISHER="Nature",
YEAR=2016,
}

@BOOK{knightcap,
AUTHOR="Jonathan Baxter and Andrew Tridgell and Lex Weaver",
TITLE="KnightCap: A chess program that learns by combining TD(lambda) with game-tree search",
PUBLISHER="arXiv:cs/9901002 [cs.LG]",
YEAR=1999,
}

@BOOK{sts,
AUTHOR="Thomas Mayer",
TITLE="STS 1.0 revisited",
PUBLISHER="Computer Chess Club",
YEAR=2010,
}

@misc{PyTorch,
  title = {PyTorch},
  author = {PyTorch},
  howpublished = {\url{http://pytorch.org/about/}},
  note = {Accessed: 2017-10-13}
}

@misc{gaviota,
  title = {Gaviota Tablebases},
  author = {michiguel},
  howpublished = {\url{https://github.com/michiguel/Gaviota-Tablebases}},
  note = {Accessed: 2017-10-13}
}
